
@unpublished{SysBench2004,
 author="Alexey Kopytov",
 title="SysBench: A system performance benchmark",
 year="2004",
 note="\url{http://sysbench.sourceforge.net/}",
}

@inproceedings{Kumar:2003:SHM:956417.956569,
 author = {Kumar, Rakesh and Farkas, Keith I. and Jouppi, Norman P. and Ranganathan, Parthasarathy and Tullsen, Dean M.},
 title = "{Single-ISA} Heterogeneous Multi-Core Architectures: The Potential for Processor Power Reduction",
 booktitle = {Proceedings of the 36th annual IEEE/ACM International Symposium on Microarchitecture},
 series = {MICRO 36},
 year = {2003},
 isbn = {0-7695-2043-X},
 pages = {81--92},
 url = {http://dl.acm.org/citation.cfm?id=956417.956569},
 acmid = {956569},
 publisher = {IEEE Computer Society},
 address = {Washington, DC, USA},
}

@article{Kumar:2004:SHM:1028176.1006707,
 author = {Kumar, Rakesh and Tullsen, Dean M. and Ranganathan, Parthasarathy and Jouppi, Norman P. and Farkas, Keith I.},
 title = {Single-ISA Heterogeneous Multi-Core Architectures for Multithreaded Workload Performance},
 journal = {SIGARCH Comput. Archit. News},
 issue_date = {March 2004},
 volume = {32},
 number = {2},
 month = mar,
 year = {2004},
 issn = {0163-5964},
 pages = {64--},
 url = {http://dx.doi.org/10.1145/1028176.1006707},
 doi = {10.1145/1028176.1006707},
 acmid = {1006707},
 publisher = {ACM},
 address = {New York, NY, USA},
}

@inproceedings{Grant:2006:PEA:1898699.1898829,
 author = {Grant, Ryan E. and Afsahi, Ahmad},
 title = {Power-performance efficiency of asymmetric multiprocessors for multi-threaded scientific applications},
 booktitle = {Proceedings of the 20th international conference on Parallel and distributed processing},
 series = {IPDPS'06},
 year = {2006},
 isbn = {1-4244-0054-6},
 location = {Rhodes Island, Greece},
 pages = {300--300},
 numpages = {1},
 url = {http://dl.acm.org/citation.cfm?id=1898699.1898829},
 acmid = {1898829},
 publisher = {IEEE Computer Society},
 address = {Washington, DC, USA},
}

@ARTICLE{TomerYMorad2006AMPEE,
 author={Morad, T.Y. and Weiser, U.C. and Kolodnyt, A. and Valero, M. and Ayguade, E.},
 journal={Computer Architecture Letters}, title={Performance, power efficiency and scalability of asymmetric cluster chip multiprocessors},
 year={2006},
 month={jan.-june },
 volume={5},
 number={1},
 pages={14 -17},
 keywords={Application software;Emulation;Frequency;Optimized production technology;Parallel processing;Power system modeling;Queueing analysis;Scalability;Upper bound;Voltage;microprocessor chips;multi-threading;multiprocessing systems;parallel processing;asymmetric cluster chip multiprocessors;multithreaded program;power consumption reduction;power efficiency;ACCMP;Chip Multiprocessors;Power Efficiency;},
 doi={10.1109/L-CA.2006.6},
 ISSN={1556-6056},
}

@article{Grant:2009:IEE:1656506.1656511,
 author = {Grant, Ryan E. and Afsahi, Ahmad},
 title = {Improving energy efficiency of asymmetric chip multithreaded multiprocessors through reduced OS noise scheduling},
 journal = {Concurr. Comput. : Pract. Exper.},
 issue_date = {December 2009},
 volume = {21},
 number = {18},
 month = dec,
 year = {2009},
 issn = {1532-0626},
 pages = {2355--2376},
 numpages = {22},
 url = {http://dx.doi.org/10.1002/cpe.v21:18},
 doi = {10.1002/cpe.v21:18},
 acmid = {1656511},
 publisher = {John Wiley and Sons Ltd.},
 address = {Chichester, UK},
 keywords = {OS noise, OpenMP, asymmetric multiprocessors, energy efficiency, scheduling},
}

@article{Fedorova:2009:MPE:1610252.1610270,
 author = {Fedorova, Alexandra and Saez, Juan Carlos and Shelepov, Daniel and Prieto, Manuel},
 title = {Maximizing power efficiency with asymmetric multicore systems},
 journal = {Commun. ACM},
 issue_date = {December 2009},
 volume = {52},
 number = {12},
 month = dec,
 year = {2009},
 issn = {0001-0782},
 pages = {48--57},
 numpages = {10},
 url = {http://doi.acm.org/10.1145/1610252.1610270},
 doi = {10.1145/1610252.1610270},
 acmid = {1610270},
 publisher = {ACM},
 address = {New York, NY, USA},
}

@inproceedings{AnthonyGutierrez2011bbench,
 author = {Anthony Gutierrez and Ronald G. Dreslinski and Thomas F. Wenisch and
	   Trevor Mudge and Ali Saidi and Chris Emmons and Nigel Paver},
 title = {Full-System Analysis and Characterization of Interactive Smartphone Applications},
 booktitle = {2011 IEEE International Symposium on Workload Characterization (IISWC)},
 issue_date = {July 2012},
 month = {November},
 year = {2011},
 isbn = {978-1-4577-2063-5},
 pages = {81-90},
 numpages = {10},
 url = {http://dx.doi.org/10.1109/IISWC.2011.6114205},
 doi = {10.1109/IISWC.2011.6114205},
 publisher = {IEEE},
 address = {San Diego, CA, USA},
}

@unpublished{PeterGreenhalgh2011bigLITTLE,
 author="Peter Greenhalgh",
 title="{Big.LITTLE} Processing with {ARM} {Cortex-A15} and {Cortex-A7}",
 year="2011",
 month="September",
 note="\url{http://www.arm.com/files/downloads/big.LITTLE_Final.pdf}",
}

@unpublished{MortenRasmussen2012bigLITTLEsched,
 author="Morten Rasmussen",
 title="Update on {Big.LITTLE} scheduling experiments",
 year="2012",
 month="August",
 note="\url{http://www.linuxplumbersconf.org/2012/wp-content/uploads/2012/09/2012-lpc-scheduler-task-placement-rasmussen.pdf}",
}

@INPROCEEDINGS{Rodrigues2012AMPEE,
 author={Rodrigues, R. and Annamalai, A. and Koren, I. and Kundu, S.},
 booktitle={Computer Architecture and High Performance Computing (SBAC-PAD), 2012 IEEE 24th International Symposium on}, title={Scalable Thread Scheduling in Asymmetric Multicores for Power Efficiency},
 year={2012},
 month={oct.},
 volume={},
 number={},
 pages={59 -66},
 keywords={Benchmark testing;Correlation;Estimation;Instruction sets;Message systems;Multicore processing;Radiation detectors;learning (artificial intelligence);multiprocessing systems;power aware computing;scheduling;AMP;asymmetric multicore processors;core assignment;dynamic thread scheduling technique;online learning schemes;power efficiency;scalable thread scheduling;thread reassignment;thread swapping;Asymmetric multicore;dynamic thread scheduling;heterogeneous multicore;online thread scheduling;power efficiency;},
 doi={10.1109/SBAC-PAD.2012.40},
 ISSN={1550-6533},
}

@unpublished{AndEBench2013,
 author="{The Embedded Microprocessor Benchmark Consortium}",
 title="{AndEBench}",
 year="2012",
 note="\url{http://www.eembc.org/andebench/about.php}",
}

@unpublished{PaulMcKenney2013AMPenergyTR,
 Author="Paul E. McKenney and Dietmar Eggemann and Robin Randhawa",
 Title="Improving Energy Efficiency On Asymmetric Multiprocessing Systems",
 month="March",
 day="7",
 year="2013",
 note="Technical report paulmck.2013.03.07a \url{http://rdrop.com/users/paulmck/techreports/AMPenergy.2013.03.07a.pdf}",
}

@unpublished{PaulMcKenney2013AMPenergyHOTPAR,
 Author="Paul E. McKenney and Dietmar Eggemann and Robin Randhawa",
 Title="Improving Energy Efficiency On Asymmetric Multiprocessing Systems",
 month="June",
 day="24",
 year="2013",
 note="\url{https://www.usenix.org/system/files/hotpar13-poster8-mckenney.pdf}",
}
