
@inproceedings{HariKannan2009metadataRCU,
 author = {Kannan, Hari},
 title = {Ordering decoupled metadata accesses in multiprocessors},
 booktitle = {MICRO 42: Proceedings of the 42nd Annual IEEE/ACM International Symposium on Microarchitecture},
 year = {2009},
 isbn = {978-1-60558-798-1},
 pages = {381--390},
 location = {New York, New York},
 doi = {10.1145/1669112.1669161},
 publisher = {ACM},
 address = {New York, NY, USA},
}

@phdthesis{MichaelDaltonPhD2009,
 author="Michael Dalton",
 title="THE DESIGN AND IMPLEMENTATION OF DYNAMIC INFORMATION FLOW TRACKING SYSTEMS FOR SOFTWARE SECURITY",
 school="Stanford University",
 year="2009",
 note="Available:
\url{http://csl.stanford.edu/~christos/publications/2009.michael_dalton.phd_thesis.pdf}
[Viewed March 9, 2010]",
}
